
@article{abessi,
AUTHOR =    "Abessi, M. and Yazdi, E. H.",
YEAR =      "2014",
TITLE =     "Marketing Data Mining Classifiers: Criteria Selection Issues in Customer Segmentation",
JOURNAL =   "International Journal of Computer Applications",
VOLUME =    "106",
NUMBER =    "10",
pages =      "5-10"
}
@article{alkha,
AUTHOR =    "Alkhasawneh, M. S. and Ngah, U. K. and Tay, L. T. and Nor, A. M. I. and Al-Batah, M. S.",
YEAR =      "2014",
TITLE =     "Modelling and Testing Landslide Hazard Using Decision Tree",
JOURNAL =   "Journal of Applied Mathematics",
VOLUME =    "2014",
NUMBER =    "10",
pages =      "1-9"
}
@article{bamini,
AUTHOR =    "Bamini, B. E. A. and Enoch, M. E. S.",
YEAR =      "2016",
TITLE =     "Optimized Resource Scheduling Using Classification and Regression Tree and Modified Bacterial Foraging Optimization Algorithm",
JOURNAL =   "World Engineering and Applied Sciences Journal",
VOLUME =    "7",
NUMBER =    "1",
pages =      "10-17"
}


@article{belson,
AUTHOR =    "Belson, W. A.",
YEAR =      "1959",
TITLE =     "Matching and Prediction on the Principle of Biological Classification",
JOURNAL =   "Applied Statistics",
VOLUME =    "8",
NUMBER =    "2",
pages =      "65-75"
}

@article{Bhuvaneswari,
AUTHOR =    "Bhuvaneswari, M.",
YEAR =      "2016",
TITLE =     "Gaussian mixture model: An application to parameter estimation and medical image classification",
JOURNAL =   "Journal of Scientific and Innovative Research",
VOLUME =    "5",
NUMBER =    "3",
pages =      "100-105"
}

@article{breiman,
AUTHOR =    "Breiman, L. ",
YEAR =      "2001",
TITLE =     "Statistical Modeling: The Two Cultures",
JOURNAL =   "Statistical Science",
VOLUME =    "16",
NUMBER =    "3",
pages =      "199-231"
}

@ARTICLE{cong,
AUTHOR = "Cong, C. and Tsokos, C.",
YEAR = "2009",
TITLE = "Theory and Applications of Decision Tree with Statistical Software",
JOURNAL = "Communications in Applied Analysis",
pages ="1-10"
}

@article{elsal,
AUTHOR = "Elsayad, A. M. and Elsalamony, H. A.",
YEAR = "2013",
TITLE = "Diagnosis of Breast Cancer using Decision Tree Models",
JOURNAL = "International Journal of Computer Applications",
VOLUME ="83",
NUMBER ="5",
pages ="19-29"
}

@phdthesis{ermes,
AUTHOR = "Ermes, M.",
YEAR = "2009",
TITLE = "Methods for the Classification of Bio-signals Applied to the Detection of Epileptiform Waveforms and to the Recognition of Physical Activity",
TYPE = " Doctor of Technology Thesis",
School ="Tampere University of Technology",
address ="Finland",
}

@phdthesis{Baykara,
AUTHOR = "Baykara, B.",
YEAR = "2015",
TITLE = "Impact of Evaluation Methods on Decision Tree Accuracy",
TYPE = " M.Sc. Thesis",
School ="University of Tampere",

}

@article{famili,
AUTHOR = "Famili, A. ",
YEAR = "1994",
TITLE = " Use of decision tree induction for process optimization and knowledge refinement of an industrial process",
JOURNAL = "Artificial Intelligence for Engineering Design, Analysis and Manufacturing",
VOLUME ="8",
NUMBER ="1",
pages ="63-75"
}

@article{glanfr,
AUTHOR = "Gladence, L. M. and Karthi, M. and Anu, V.  M.",
YEAR = "2015",
TITLE = "A Statistical Comparison of Logistic Regression and Different Bayes Classification Methods for Machine Learning",
JOURNAL = "ARPN Journal of Engineering and Applied Sciences",
VOLUME ="10",
NUMBER ="14",
pages ="5947-5953"
}

@article{gepp15,
AUTHOR = "Gepp, A. and Kumar, K. ",
YEAR = "2015",
TITLE = "Predicting Financial Distress: A Comparison of Survival Analysis and Decision Tree Techniques",
JOURNAL = "Procedia Computer Science",
VOLUME ="54",
pages ="396-404"
}

@misc{geep09,
AUTHOR = "Gepp, A. and Kumar, K. and Bhattacharya, S.",
YEAR = "2009",
TITLE = "Business Failure Prediction using Decision Trees",
note = " viewed 25 March 2018",
HOWPUBLISHED="\url{http://dx.doi.org/10.1002/for.1153}"
}

@book{hair,
AUTHOR = "Hair, Jr. J. F. and Black, W. C. and Babin, B. J. and Anderson, R. E. ",
YEAR = "2010",
TITLE = "Instructorâ€™s Manual for Multivariate Data Analysis: A Global Perspective",
Edition = "Seventh",
PUBLISHER ="Pearson"
}

@misc{han,
AUTHOR = "Han, J. ",
YEAR = "2015",
TITLE = "Data Mining: Concepts and Techniques",
note = "viewed 12 July 2018",
HOWPUBLISHED="\url{http://www.cs.uiuc.edu/~hanj}"
}

@article{Imandoust,
AUTHOR = "Imandoust, S. B. and Bolandraftar, M. ",
YEAR = "2013",
TITLE = " Application of K-Nearest Neighbor (KNN) Approach for Predicting Economic Events: Theoretical Background",
JOURNAL = "International Journal of Engineering Research and Applications",
VOLUME ="3",
NUMBER ="5",
pages ="605-610"
}

@article{islam,
AUTHOR = "Islam, R. and Habib, A. ",
YEAR = "2015",
TITLE = "A Data Mining Approach to Predict Prospective Business Sectors for Lending in Retail Banking using Decision Tree",
JOURNAL = "International Journal of Data Mining and Knowledge Management Process",
VOLUME ="5",
NUMBER ="2",
pages ="13-22"
}

@article{karels,
AUTHOR = "Karels, T. J. and  Bryant, A. A. and Hik, D. S.",
YEAR = "2004",
TITLE = "Comparison of discriminant function and classification tree analyses for age classification of marmots",
JOURNAL = "Oikos",
VOLUME ="105",
pages ="575-587"
}

@inproceedings{kelly,
AUTHOR = "Kelly, S. and Burke, D. and Chazal, de P. and Reilly, R. ",
YEAR = "2002",
booktitle = "Parametric Models and Spectral analysis for Classification in Brain-Computer Interfaces",
title = "Proceedings of 14th International Conference on Digital Signal Processing",
address ="Greece"
}

@phdthesis{kheir,
AUTHOR = "Kheir, R. B.",
YEAR = "2013",
TITLE = "Application of Decision-Trees for Predicting the Performance of Microfinance Institutions",
TYPE = "PhD Thesis", 
school="Universite De Reims Champagne-Ardenne"
}

@article{kiang,
AUTHOR = "Kiang, M. Y.",
YEAR = "2003",
TITLE = "A Comparative Assessment of Classification Methods",
JOURNAL = "Decision Support Systems",
VOLUME ="35",
pages ="441-454"
}
@misc{koon,
AUTHOR = "Koon, S. and Petscher, Y.",
YEAR = "2015",
TITLE = "Comparing methodologies for developing an early warning system: Classification and regression tree model versus logistic regression",
address = "Washington, DC: U.S. Department of Education, Institute of Education Sciences, National Center for Education Evaluation and Regional Assistance, Regional Educational Laboratory Southeast,",
HOWPUBLISHED="\url{http://ies.ed.gov/ncee/edlabs}",
NOTE =" viewed 14 August 2018"
}

@article{Krisp,
AUTHOR = "Krisp, J. M. and Peters, S. ",
YEAR = "2011",
TITLE = "Directed kernel density estimation (DKDE) for time series visualization",
JOURNAL = "Annals of GIS",
VOLUME ="17",
Number ="3",
pages ="155-162"
}


@article{kumar,
AUTHOR = "Kumar, Y. and Sahoo, G.",
YEAR = "2012",
TITLE = "Analysis of Parametric and Non Parametric Classifiers for Classification Technique using WEKA",
JOURNAL = "I.J. Information Technology and Computer Science",
VOLUME ="7",
pages ="43-49"
}

@phdthesis{lei,
AUTHOR = "Lei, Y.",
YEAR = "2016",
TITLE = "Parametric and Non-Parametric Models in Health Research: Analysis and Design",
school = "University of Kansas",
DEPARTMENT=" Graduate Facility",

}
@article{li,
AUTHOR = "Li, H. and Sun, J. and Wu, J.",
TITLE = "Predicting business failure using classification and regression tree: An empirical comparison with popular classical statistical methods and top classification mining methods",
YEAR = "2010",
JOURNAL = "Expert Systems with Applications",
VOLUME ="37",
NUMBER ="8",
pages ="5895-5904"
}
@phdthesis{manninen,
AUTHOR = "Manninen, T. ",
YEAR = "2014",
TITLE = "Predictive Modelling Using Logistic Regression with Applications",
TYPE = "Doctor of Science in Technology Thesis",
school = "Tampere University of Technology"
}
@article{morcillo,
AUTHOR = "Morcillo, L. G. and Poyo, F. J. C. and Maldonado, G. L.",
YEAR = "2014",
TITLE = "Using Decision Trees for Comparing Different Consistency Models",
JOURNAL = "Procedia Social and Behavioural Sciences",
VOLUME ="160",
pages ="332-341"
}

@article{ooi,
AUTHOR = "Ooi, M. and Sok, H. and Kuang, Y. and Demidenko, S. and Chan, C. ",
YEAR = "2013",
TITLE = "Defect cluster recognition system for fabricated semiconductor wafers",
JOURNAL = "Engineering Applications of Artificial Intelligence: The International Journal of Intelligent Real-Time Automation",
VOLUME ="26",
pages ="1029-1043"
}

@misc{poorjam,
AUTHOR = "Poorjam, A. H. and Little, M. A. and Jensen, J. R. and Christensen, M. G.",
Year="2018",
TITLE = "A Parametric Approach for Classification of Distortions in Pathological Voices",
Howpublished ={http://research.aston.ac.uk/portal/files/26341036/ICASSP amir 1756.pdf},
Note="viewed 21 September 2018"
}


@proceedings{eurosys:06,
Editor = "Poorjam, A. H. and Little, M. A. and Jensen, J. R. and Christensen, M. G.",
    title =        "ICASSP, IEEE International Conference on Acoustics",
  booktitle =    "Proceedings of the 6th European Conference on Computer Systems",
  Publisher = "IEEE",
  venue =        "Calgary, AB, Canada",
  year =         "2018"
}
@article{Rajaguru,
AUTHOR = "Rajaguru, H. and Prabhakar, S. K. ",
YEAR = "2017",
TITLE = "Performance Analysis of Logistic Regression and Kernel Logistic Regression for Breast Cancer Classification",
JOURNAL = "International Journal of Civil Engineering and Technology",
VOLUME ="8",
NUMBER ="12",
pages ="60-68"
}

@article{riddle,
AUTHOR = "Riddle, P. and Segal, R. and Etzioni, O. ",
YEAR = "1994",
TITLE = "Representation Design and Brute-force Induction in a Boeing Manufacturing Domain",
JOURNAL = "Applied Artificial Intelligence",
VOLUME ="8",
NUMBER ="1",
pages ="125-147"
}

@incollection{Ritschard,
AUTHOR = "Ritschard, G. ",
YEAR = "2013",
TITLE = "CHAID and Earlier Supervised Tree Methods",
Editor = "J.J. McArdle and G. Ritschard",
booktitle = "Contemporary Issues in Exploratory Data Mining in Behavioural Sciences",
publisher ="Routeledge, New York",
pages ="48-74"
}


@misc{rudd,
AUTHOR = "Rudd, J. M. and Priestley, J. L. ",
YEAR = "2017",
TITLE = "A Comparison of Decision Tree with Logistic Regression Model for Prediction of Worst Non-Financial Payment Status in Commercial Credit. {G}rey Literature from PhD Candidates.5",
NOTE ="viewed 14 August 2018",
HOWPUBLISHED ="\url{http://digitalcommons.kennesaw.edu/dataphdgreylit/5}"
}

@BOOK{Ryan,
AUTHOR = "Ryan, T. P. ",
YEAR = "2008",
TITLE = "Modern Regression Methods",
EDITION = "Second",
PUBLISHER ="John Wiley and Sons, Inc., New York"

}

@article{Saikia,
AUTHOR = "Saikia, P. and Borah, M. ",
YEAR = "2013",
TITLE = "A Study on Mathematical Modelling for Oldest-Old Mortality Rates",
JOURNAL = "International Journal of Mathematical Archive",
VOLUME ="4",
NUMBER ="11",
pages ="104-112"
}
@article{Song,
AUTHOR = "Song, Y. and Lu, Y.",
YEAR = "2015",
TITLE = "Decision tree methods: applications for classification and prediction",
JOURNAL = "Shanghai Archives of Psychiatry",
VOLUME ="27",
NUMBER ="2",
pages ="130-135"
}

@article{wang,
AUTHOR = "Wang, C. H.",
YEAR = "2008",
TITLE = "Decision tree based control chart pattern recognition",
JOURNAL = "International Journal of Production Research",
VOLUME ="46",
pages ="4889-4901"
}

@article{yue,
AUTHOR = "Yue, W. and Wang, Z. and Chen, H. and Payne, A. and Liu, X.",
YEAR = "2018",
TITLE = "Machine Learning with Applications in Breast Cancer Diagnosis and Prognosis",
JOURNAL = " Designs",
VOLUME ="2",
NUMBER ="13",
pages ="1-17"
}

@article{Siddiqui,
AUTHOR = "Siddiqui, F. and Ali, Q. M.",
YEAR = "2016",
TITLE = "Performance of non-parametric classifiers on highly skewed data",
JOURNAL = "Global Journal of Pure and Applied Mathematics",
VOLUME ="12",
NUMBER ="2",
pages ="1547â€“1565"
}

